@article{Sodhani-2019,
  author    = {Shagun Sodhani and
               Sarath Chandar and
               Yoshua Bengio},
  title     = {On Training Recurrent Neural Networks for Lifelong Learning},
  journal   = {Neural Computation},
  year      = {2019}
}

@article{Graves-2016,
  title={Hybrid computing using a neural network with dynamic external memory},
  author={Graves, Alex and Wayne, Greg and Reynolds, Malcolm and Harley, Tim and Danihelka, Ivo and Grabska-Barwi{\'n}ska, Agnieszka and Colmenarejo, Sergio G{\'o}mez and Grefenstette, Edward and Ramalho, Tiago and Agapiou, John and others},
  journal={Nature},
  year={2016}
}

@inproceedings{Chandar-2019,
  author    = {Sarath Chandar and
               Chinnadhurai Sankar and
               Eugene Vorontsov and
               Samira Ebrahimi Kahou and
               Yoshua Bengio},
  title     = {Towards Non-Saturating Recurrent Units for Modelling Long-Term Dependencies},
  booktitle = {The Thirty-Third {AAAI} Conference on Artificial Intelligence, {AAAI}
               2019, The Thirty-First Innovative Applications of Artificial Intelligence
               Conference, {IAAI} 2019, The Ninth {AAAI} Symposium on Educational
               Advances in Artificial Intelligence, {EAAI} 2019, Honolulu, Hawaii,
               USA, January 27 - February 1, 2019.},
  pages     = {3280--3287},
  year      = {2019}
}